[gd_scene load_steps=25 format=2]

[ext_resource path="res://levels/Level.tscn" type="PackedScene" id=1]
[ext_resource path="res://graphics/level_3_graphics/ground.png" type="Texture" id=2]
[ext_resource path="res://Shelter.tscn" type="PackedScene" id=3]
[ext_resource path="res://graphics/level_3_graphics/ground_right.png" type="Texture" id=4]
[ext_resource path="res://graphics/level_3_graphics/ground_hole.png" type="Texture" id=5]
[ext_resource path="res://graphics/level_3_graphics/ground_left.png" type="Texture" id=6]
[ext_resource path="res://disasters/Cactus.tscn" type="PackedScene" id=7]
[ext_resource path="res://levels/MummyPath.cs" type="Script" id=8]
[ext_resource path="res://disasters/DesertWorm.tscn" type="PackedScene" id=9]
[ext_resource path="res://disasters/DesertPlattform.tscn" type="PackedScene" id=10]
[ext_resource path="res://levels/ThirdLevel.cs" type="Script" id=11]
[ext_resource path="res://graphics/level_3_graphics/mummy1.png" type="Texture" id=12]
[ext_resource path="res://graphics/level_3_graphics/bg_clouds_small.png" type="Texture" id=13]
[ext_resource path="res://graphics/level_3_graphics/bg.png" type="Texture" id=14]
[ext_resource path="res://graphics/level_3_graphics/shelter.png" type="Texture" id=15]
[ext_resource path="res://LevelExit.tscn" type="PackedScene" id=16]

[sub_resource type="RectangleShape2D" id=1]
extents = Vector2( 960.5, 33 )

[sub_resource type="RectangleShape2D" id=8]
extents = Vector2( 31, 556 )

[sub_resource type="RectangleShape2D" id=7]
extents = Vector2( 77, 492 )

[sub_resource type="RectangleShape2D" id=2]
extents = Vector2( 324, 33 )

[sub_resource type="RectangleShape2D" id=3]
extents = Vector2( 384, 33 )

[sub_resource type="RectangleShape2D" id=4]
extents = Vector2( 61, 696 )

[sub_resource type="Curve2D" id=5]
_data = {
"points": PoolVector2Array( 98.7767, -135.818, -98.7767, 135.818, 872, 160, 0, 0, 0, 0, -80, 232, -6.36396, 93.3381, 6.36396, -93.3381, -1128, 208, 0, 0, 0, 0, -96, 200, 0, 0, 0, 0, 872, 160 )
}

[sub_resource type="CapsuleShape2D" id=6]
radius = 32.0
height = 112.0

[node name="ThirdLevel" instance=ExtResource( 1 )]
script = ExtResource( 11 )
DeathFloor = 1060
CameraYLimit = -540

[node name="ParallaxBackground" type="ParallaxBackground" parent="." index="0"]

[node name="Sky" type="ParallaxLayer" parent="ParallaxBackground" index="0"]
motion_scale = Vector2( 0.1, 1 )

[node name="BgCloudsSmall" type="Sprite" parent="ParallaxBackground/Sky" index="0"]
position = Vector2( -88, 368 )
scale = Vector2( 2, 2 )
texture = ExtResource( 13 )

[node name="BgCloudsSmall2" type="Sprite" parent="ParallaxBackground/Sky" index="1"]
position = Vector2( 1832, 368 )
scale = Vector2( 2, 2 )
texture = ExtResource( 13 )

[node name="BgCloudsSmall3" type="Sprite" parent="ParallaxBackground/Sky" index="2"]
position = Vector2( 3752, 368 )
scale = Vector2( 2, 2 )
texture = ExtResource( 13 )

[node name="BgCloudsSmall4" type="Sprite" parent="ParallaxBackground/Sky" index="3"]
position = Vector2( 5672, 368 )
scale = Vector2( 2, 2 )
texture = ExtResource( 13 )

[node name="BgCloudsSmall5" type="Sprite" parent="ParallaxBackground/Sky" index="4"]
position = Vector2( 7592, 368 )
scale = Vector2( 2, 2 )
texture = ExtResource( 13 )

[node name="BgCloudsSmall6" type="Sprite" parent="ParallaxBackground/Sky" index="5"]
position = Vector2( 9512, 368 )
scale = Vector2( 2, 2 )
texture = ExtResource( 13 )

[node name="BgCloudsSmall7" type="Sprite" parent="ParallaxBackground/Sky" index="6"]
position = Vector2( 11432, 368 )
scale = Vector2( 2, 2 )
texture = ExtResource( 13 )

[node name="BgCloudsSmall8" type="Sprite" parent="ParallaxBackground/Sky" index="7"]
position = Vector2( 13352, 368 )
scale = Vector2( 2, 2 )
texture = ExtResource( 13 )

[node name="bg" type="ParallaxLayer" parent="ParallaxBackground" index="1"]
motion_scale = Vector2( 0.3, 1 )

[node name="Bg" type="Sprite" parent="ParallaxBackground/bg" index="0"]
position = Vector2( 728, 880 )
texture = ExtResource( 14 )

[node name="Bg9" type="Sprite" parent="ParallaxBackground/bg" index="1"]
position = Vector2( -1192, 880 )
texture = ExtResource( 14 )

[node name="Bg2" type="Sprite" parent="ParallaxBackground/bg" index="2"]
position = Vector2( 2648, 880 )
texture = ExtResource( 14 )

[node name="Bg3" type="Sprite" parent="ParallaxBackground/bg" index="3"]
position = Vector2( 4568, 880 )
texture = ExtResource( 14 )

[node name="Bg4" type="Sprite" parent="ParallaxBackground/bg" index="4"]
position = Vector2( 6488, 880 )
texture = ExtResource( 14 )

[node name="Bg5" type="Sprite" parent="ParallaxBackground/bg" index="5"]
position = Vector2( 8408, 880 )
texture = ExtResource( 14 )

[node name="Bg6" type="Sprite" parent="ParallaxBackground/bg" index="6"]
position = Vector2( 10328, 880 )
texture = ExtResource( 14 )

[node name="Bg7" type="Sprite" parent="ParallaxBackground/bg" index="7"]
position = Vector2( 12240, 880 )
texture = ExtResource( 14 )

[node name="Bg8" type="Sprite" parent="ParallaxBackground/bg" index="8"]
position = Vector2( 14160, 880 )
texture = ExtResource( 14 )

[node name="Ground" type="Node2D" parent="." index="1"]

[node name="Ground" type="StaticBody2D" parent="Ground" index="0"]
position = Vector2( 8, 368 )
__meta__ = {
"_edit_group_": true
}

[node name="Ground" type="Sprite" parent="Ground/Ground" index="0"]
position = Vector2( 952, 616 )
texture = ExtResource( 2 )

[node name="CollisionShape2D" type="CollisionShape2D" parent="Ground/Ground" index="1"]
position = Vector2( 952, 536 )
shape = SubResource( 1 )

[node name="CollisionShape2D2" type="CollisionShape2D" parent="Ground/Ground" index="2"]
position = Vector2( -41, 12 )
shape = SubResource( 8 )

[node name="Ground2" type="StaticBody2D" parent="Ground" index="1"]
position = Vector2( 1928, 368 )
__meta__ = {
"_edit_group_": true
}

[node name="Ground" type="Sprite" parent="Ground/Ground2" index="0"]
position = Vector2( 952, 616 )
texture = ExtResource( 2 )

[node name="CollisionShape2D" type="CollisionShape2D" parent="Ground/Ground2" index="1"]
position = Vector2( 952, 536 )
shape = SubResource( 1 )

[node name="Ground6" type="StaticBody2D" parent="Ground" index="2"]
position = Vector2( 7664, 368 )
__meta__ = {
"_edit_group_": true
}

[node name="Ground" type="Sprite" parent="Ground/Ground6" index="0"]
position = Vector2( 952, 616 )
texture = ExtResource( 2 )

[node name="CollisionShape2D" type="CollisionShape2D" parent="Ground/Ground6" index="1"]
position = Vector2( 952, 536 )
shape = SubResource( 1 )

[node name="Ground7" type="StaticBody2D" parent="Ground" index="3"]
position = Vector2( 11504, 368 )

[node name="Ground" type="Sprite" parent="Ground/Ground7" index="0"]
position = Vector2( 952, 616 )
texture = ExtResource( 2 )

[node name="CollisionShape2D" type="CollisionShape2D" parent="Ground/Ground7" index="1"]
position = Vector2( 952, 536 )
shape = SubResource( 1 )

[node name="CollisionShape2D2" type="CollisionShape2D" parent="Ground/Ground7" index="2"]
position = Vector2( 304, 32 )
shape = SubResource( 7 )

[node name="Ground3" type="StaticBody2D" parent="Ground" index="4"]
position = Vector2( 3248, 368 )
__meta__ = {
"_edit_group_": true
}

[node name="Ground" type="Sprite" parent="Ground/Ground3" index="0"]
position = Vector2( 952, 616 )
texture = ExtResource( 6 )

[node name="CollisionShape2D" type="CollisionShape2D" parent="Ground/Ground3" index="1"]
position = Vector2( 916, 536 )
shape = SubResource( 2 )

[node name="Ground5" type="StaticBody2D" parent="Ground" index="5"]
position = Vector2( 6288, 368 )
__meta__ = {
"_edit_group_": true
}

[node name="Ground" type="Sprite" parent="Ground/Ground5" index="0"]
position = Vector2( 952, 616 )
texture = ExtResource( 4 )

[node name="CollisionShape2D" type="CollisionShape2D" parent="Ground/Ground5" index="1"]
position = Vector2( 992, 536 )
shape = SubResource( 3 )

[node name="Ground4" type="StaticBody2D" parent="Ground" index="6"]
position = Vector2( 9584, 368 )

[node name="Ground" type="Sprite" parent="Ground/Ground4" index="0"]
position = Vector2( 952, 616 )
texture = ExtResource( 5 )

[node name="CollisionPolygon2D" type="CollisionPolygon2D" parent="Ground/Ground4" index="1"]
polygon = PoolVector2Array( -16, 504, 432, 512, 480, 520, 584, 608, 640, 712, 680, 808, -16, 800 )

[node name="CollisionPolygon2D2" type="CollisionPolygon2D" parent="Ground/Ground4" index="2"]
polygon = PoolVector2Array( 1208, 800, 1256, 680, 1296, 600, 1352, 528, 1912, 504, 1912, 792 )

[node name="Shelter" parent="." index="2" instance=ExtResource( 3 )]
position = Vector2( 336, 696 )

[node name="Shelter" type="Sprite" parent="Shelter" index="2"]
position = Vector2( 64, 80 )
texture = ExtResource( 15 )

[node name="Shelter2" parent="." index="3" instance=ExtResource( 3 )]
position = Vector2( 4136, 712 )

[node name="Shelter" type="Sprite" parent="Shelter2" index="2"]
position = Vector2( 56, 64 )
texture = ExtResource( 15 )

[node name="Shelter3" parent="." index="4" instance=ExtResource( 3 )]
position = Vector2( 7112, 672 )

[node name="Shelter" type="Sprite" parent="Shelter3" index="2"]
position = Vector2( 64, 96 )
texture = ExtResource( 15 )

[node name="Cactus1" parent="." index="5" instance=ExtResource( 7 )]
position = Vector2( 1216, 792 )

[node name="Cactus2" parent="." index="6" instance=ExtResource( 7 )]
position = Vector2( 1592, 800 )

[node name="Cactus4" parent="." index="7" instance=ExtResource( 7 )]
position = Vector2( 2272, 800 )

[node name="Cactus6" parent="." index="8" instance=ExtResource( 7 )]
position = Vector2( 3536, 768 )
scale = Vector2( 1.5, 1.5 )

[node name="Cactus7" parent="." index="9" instance=ExtResource( 7 )]
position = Vector2( 3624, 800 )

[node name="Cactus11" parent="." index="10" instance=ExtResource( 7 )]
position = Vector2( 7560, 800 )

[node name="Cactus12" parent="." index="11" instance=ExtResource( 7 )]
position = Vector2( 7656, 824 )

[node name="Cactus13" parent="." index="12" instance=ExtResource( 7 )]
position = Vector2( 8984, 800 )

[node name="Cactus10" parent="." index="13" instance=ExtResource( 7 )]
position = Vector2( 3800, 800 )

[node name="Cactus3" parent="." index="14" instance=ExtResource( 7 )]
position = Vector2( 2224, 832 )
scale = Vector2( 0.6, 0.6 )

[node name="Cactus8" parent="." index="15" instance=ExtResource( 7 )]
position = Vector2( 3320, 816 )
scale = Vector2( 0.8, 0.8 )

[node name="Cactus9" parent="." index="16" instance=ExtResource( 7 )]
position = Vector2( 3192, 800 )

[node name="Cactus5" parent="." index="17" instance=ExtResource( 7 )]
position = Vector2( 3424, 800 )

[node name="Plattform1" parent="." index="18" instance=ExtResource( 10 )]
position = Vector2( 3384, 592 )

[node name="Plattform2" parent="." index="19" instance=ExtResource( 10 )]
position = Vector2( 4544, 928 )

[node name="Plattform3" parent="." index="20" instance=ExtResource( 10 )]
position = Vector2( 4664, 928 )

[node name="Plattform4" parent="." index="21" instance=ExtResource( 10 )]
position = Vector2( 4784, 928 )

[node name="Plattform5" parent="." index="22" instance=ExtResource( 10 )]
position = Vector2( 4904, 928 )

[node name="Plattform6" parent="." index="23" instance=ExtResource( 10 )]
position = Vector2( 5024, 928 )

[node name="Plattform7" parent="." index="24" instance=ExtResource( 10 )]
position = Vector2( 5144, 928 )

[node name="Plattform8" parent="." index="25" instance=ExtResource( 10 )]
position = Vector2( 5576, 784 )

[node name="Plattform9" parent="." index="26" instance=ExtResource( 10 )]
position = Vector2( 3120, 712 )

[node name="Plattform10" parent="." index="27" instance=ExtResource( 10 )]
position = Vector2( 6008, 720 )

[node name="Plattform11" parent="." index="28" instance=ExtResource( 10 )]
position = Vector2( 6488, 848 )

[node name="Plattform12" parent="." index="29" instance=ExtResource( 10 )]
position = Vector2( 10136, 720 )

[node name="Plattform13" parent="." index="30" instance=ExtResource( 10 )]
position = Vector2( 10384, 496 )

[node name="Plattform14" parent="." index="31" instance=ExtResource( 10 )]
position = Vector2( 10768, 712 )

[node name="DesertWorm" parent="." index="32" instance=ExtResource( 9 )]
position = Vector2( 10512, 2104 )

[node name="Player" parent="." index="33"]
position = Vector2( 120, 360 )

[node name="StartWorm" type="Area2D" parent="." index="34"]
position = Vector2( 10032, 744 )
__meta__ = {
"_edit_group_": true
}

[node name="Collision" type="CollisionShape2D" parent="StartWorm" index="0"]
position = Vector2( 51, -528 )
shape = SubResource( 4 )

[node name="MummyPath" type="Path2D" parent="." index="35"]
position = Vector2( 8552, 688 )
curve = SubResource( 5 )

[node name="Path" type="PathFollow2D" parent="MummyPath" index="0"]
position = Vector2( 872, 160 )
rotate = false
script = ExtResource( 8 )

[node name="Mummy1" type="Sprite" parent="MummyPath/Path" index="0"]
position = Vector2( -16, -48 )
scale = Vector2( 0.4, 0.4 )
texture = ExtResource( 12 )

[node name="Area2D" type="Area2D" parent="MummyPath/Path" index="1"]

[node name="CollisionShape2D" type="CollisionShape2D" parent="MummyPath/Path/Area2D" index="0"]
position = Vector2( -16, -48 )
shape = SubResource( 6 )

[node name="LevelExit" parent="." index="38" instance=ExtResource( 16 )]
position = Vector2( 11568, 744 )

[connection signal="body_entered" from="Cactus1" to="." method="CactusEntered1"]
[connection signal="body_entered" from="Cactus2" to="." method="CactusEntered2"]
[connection signal="body_entered" from="Cactus4" to="." method="CactusEntered4"]
[connection signal="body_entered" from="Cactus6" to="." method="CactusEntered6"]
[connection signal="body_entered" from="Cactus7" to="." method="CactusEntered7"]
[connection signal="body_entered" from="Cactus11" to="." method="CactusEntered11"]
[connection signal="body_entered" from="Cactus12" to="." method="CactusEntered12"]
[connection signal="body_entered" from="Cactus13" to="." method="CactusEntered13"]
[connection signal="body_entered" from="Cactus10" to="." method="CactusEntered10"]
[connection signal="body_entered" from="Cactus3" to="." method="CactusEntered3"]
[connection signal="body_entered" from="Cactus8" to="." method="CactusEntered8"]
[connection signal="body_entered" from="Cactus9" to="." method="CactusEntered9"]
[connection signal="body_entered" from="Cactus5" to="." method="CactusEntered5"]
[connection signal="body_entered" from="Plattform1" to="." method="Plattform1Entered"]
[connection signal="body_entered" from="Plattform2" to="." method="Plattform2Entered"]
[connection signal="body_entered" from="Plattform3" to="." method="Plattform3Entered"]
[connection signal="body_entered" from="Plattform4" to="." method="Plattform4Entered"]
[connection signal="body_entered" from="Plattform5" to="." method="Plattform5Entered"]
[connection signal="body_entered" from="Plattform6" to="." method="Plattform6Entered"]
[connection signal="body_entered" from="Plattform7" to="." method="Plattform7Entered"]
[connection signal="body_entered" from="Plattform8" to="." method="Plattform8Entered"]
[connection signal="body_entered" from="Plattform9" to="." method="Plattform9Entered"]
[connection signal="body_entered" from="Plattform10" to="." method="Plattform10Entered"]
[connection signal="body_entered" from="Plattform11" to="." method="Plattform11Entered"]
[connection signal="body_entered" from="Plattform12" to="." method="Plattform12Entered"]
[connection signal="body_entered" from="Plattform13" to="." method="Plattform13Entered"]
[connection signal="body_entered" from="Plattform14" to="." method="Plattform14Entered"]
[connection signal="body_entered" from="DesertWorm" to="." method="CollideWithWorm"]
[connection signal="body_entered" from="StartWorm" to="." method="StartWorm"]
[connection signal="body_entered" from="MummyPath/Path/Area2D" to="." method="CollideWithMummy"]

[editable path="HUD"]
